@inproceedings{titsias2009variational,
  title={Variational learning of inducing variables in sparse Gaussian processes},
  author={Titsias, Michalis K},
  booktitle={International Conference on Artificial Intelligence and Statistics},
  pages={567--574},
  year={2009}
}
@article{maclaurinautograd,
  title={Autograd: Effortless Gradients in Numpy},
  author={Maclaurin, Dougal and Duvenaud, David and Adams, Ryan P}
}