@inproceedings{titsias2009variational,
  title={Variational learning of inducing variables in sparse Gaussian processes},
  author={Titsias, Michalis K},
  booktitle={International Conference on Artificial Intelligence and Statistics},
  pages={567--574},
  year={2009}
}

@article{duchi2011adaptive,
  title={Adaptive subgradient methods for online learning and stochastic optimization},
  author={Duchi, John and Hazan, Elad and Singer, Yoram},
  journal={The Journal of Machine Learning Research},
  volume={12},
  pages={2121--2159},
  year={2011},
  publisher={JMLR. org}
}
@article{kingma2013auto,
  title={Auto-encoding variational bayes},
  author={Kingma, Diederik P and Welling, Max},
  journal={arXiv preprint arXiv:1312.6114},
  year={2013}
}
@article{maclaurinautograd,
  title={Autograd: Effortless Gradients in Numpy},
  author={Maclaurin, Dougal and Duvenaud, David and Adams, Ryan P.}
}
@article{blundell2015weight,
  title={Weight uncertainty in neural networks},
  author={Blundell, Charles and Cornebise, Julien and Kavukcuoglu, Koray and Wierstra, Daan},
  journal={arXiv preprint arXiv:1505.05424},
  year={2015}
}

@article{tran2015variational,
  title={Variational Gaussian Process},
  author={Tran, Dustin and Ranganath, Rajesh and Blei, David M.},
  journal={arXiv preprint arXiv:1511.06499},
  year={2015}
}

@article{vincentDAE,
  title={Extracting and composing robust features with denoising autoencoders},
  author={Vincent, Pascal and Larochelle, Hugo and Bengio, Yoshua and Manzagol, Pierre-Antoine},
  booktitle={Proceedings of the 25th international conference on Machine learning},
  pages={1096--1103},
  year={2008},
  organization={ACM}
}
@article{sutton,
  title={Scheduled denoising autoencoders},
  author={Geras, Krzysztof J. and  Sutton, Charles},
  journal={arXiv preprint arXiv:1406.3269},
  year={2014}
}

@article{bengioDVAE,
  title={Denoising Criterion for Variational Auto-Encoding Framework},
  author={Im, Daniel Jiwoong and Ahn, Sungjin and Memisevic, Roland and Bengio, Yoshua},
  journal={arXiv preprint arXiv:1511.06406},
  year={2015}
}
